
@STRING(pub-roadbike = "{R}oad{BIKE}")

% Die folgenden Strings sind Uebersetzung der englischen Ausdrücke zur
% Identifikation der Referenz. Siehe dazu APA Syle Guide Electronic Reference,
% Pos. 205. Sie müssen mit dem Tag 'type' eingebunden werden. Sie erscheinen
% dann mit apacite wie vorgegebn in eckigen Klammern.
@STRING(audio = "Audio-Datei")
@STRING(blog    = "Blog-Eintrag")
@STRING(facebook = "Facebook-Eintrag")
@STRING(mp3 = "MP3-Datei")
@STRING(podcast = "Podcast-Transkript")
@STRING(tweet = "Tweet")
@STRING(video = "Video-Datei")

@MAGAZINE{Flieshardt2015,
        author={Flieshardt, Nils},
        title={{R}egeln f{\"u}r {R}ad- und {A}utofahrer: {V}ertragt {E}uch endlich!},
        journal = pub-roadbike,
        page={61--64},
        year={2015},
        issue={7},
        language = {ngerman},
        keywords = {Verkehrsregeln, Magazin, Autofahrer},
        otherinfo = {}
}

@MISC{Lindthaler2015perfektesfahrradpendler,
        author={Lindthaler, Gerhard},
        title={{D}as perfekte {F}ahrrad f{\"u}r {P}endler},
        journal = {das-fahrrad-blog.de},
        howpublished={[Blog-Eintrag]},
        url = {http://www.das-fahrrad-blog.de/content/2013-das-perfekte-fahrrad-fur-pendler.htm},
        lastchecked = {27.12.2015},
} 

@BOOK{Baumeister2014disziplin,
        author = {Roy Baumeister and John Tierney},
        title = {{D}ie {M}acht der {D}isziplin},
        publisher = {Goldmann},
        year = {2014},
        address = {},
        edition = {3},
} 

@MISC{iglimann2011rennradnews,
        author = {{User igliman}},
        title = {{AW: Mit dem Rad zur Arbeit}},
        howpublished = {[Forum-Beitrag]},
        year =  {2011},
        month = {\APACmonth{12}},
        day =   {14},
        url =   {http://www.rennrad-news.de/forum/threads/mdrza-mit-dem-rad-zur-arbeit.102814/#post-2224617},
        lastchecked =   {01.01.2016}
}


@MISC{efix2011rennradnews,
        author = {{User Efix}},
        title = {{AW: Mit dem Rad zur Arbeit}},
        howpublished = {[Forum-Beitrag]},
        year =  {2011},
        month = {\APACmonth{12}},
        day =   {14},
        url =   {http://www.rennrad-news.de/forum/threads/mdrza-mit-dem-rad-zur-arbeit.102814/#post-2224633},
        lastchecked =   {01.01.2016}
}

@MISC{sollritchey2011rennradnews,
        author = {{User Soll-Ritchey}},
        title = {{AW: Mit dem Rad zur Arbeit}},
        howpublished = {[Forum-Beitrag]},
        year =  {2011},
        month = {\APACmonth{12}},
        day =   {14},
        url =   {http://www.rennrad-news.de/forum/threads/mdrza-mit-dem-rad-zur-arbeit.102814/#post-2224953},
        lastchecked =   {01.01.2016}
}


@MISC{littlechex2011rennradnews,
        author = {{User littlechex}},
        title = {{AW: Mit dem Rad zur Arbeit}},
        howpublished = {[Forum-Beitrag]},
        year =  {2011},
        month = {\APACmonth{12}},
        day =   {15},
        url =   {http://www.rennrad-news.de/forum/threads/mdrza-mit-dem-rad-zur-arbeit.102814/page-2#post-2225781},
        lastchecked =   {01.01.2016}
}

@MISC{nordwind2012rennradnews,
        author = {{User Nord-wind}},
        title = {{AW: Mit dem Rad zur Arbeit}},
        howpublished = {[Forum-Beitrag]},
        year =  {2012},
        month = {\APACmonth{01}},
        day =   {02},
        url =   {http://www.rennrad-news.de/forum/threads/mdrza-mit-dem-rad-zur-arbeit.102814/page-5#post-2280456},
        lastchecked =   {02.01.2016}
}

@MISC{Hurford2015hangover,
        author = {Molly Hurford},
        title = {how to ride with a hangover},
        howpublished = {[Blog-Beitrag]},
        month = {\APACmonth{12}},
        year = {2015},
        day = {31},
        lastchecked = {03.01.2016}
        url = {http://www.bicycling.com/training/health-injuries/how-to-ride-with-a-hangover},
        otherinfo = {Artikel als PDF abgespeichert}
}

@article{swift1998alcohol,
  title={Alcohol hangover},
  author={Swift, Robert and Davidson, Dena},
  journal={Alcohol Health Res World},
  volume={22},
  pages={54--60},
  year={1998}
}

@BOOK{velominati2014rules,
        author = {{Velominati}},
        title = {The Rules -- The Way of the Cycling Disciple},
        publisher = {Sceptre},
        year = {2014},
        edition = {1},
        otherinfo = {}
}

@BOOKLET{nada2014erlaubtemedikamente,
        title = {{B}eispielliste zul{\"a}ssiger {M}edikamente 2014},
        author = {{Nationale Anti Doping Agentur Deutschland}},
        howpublished = {[PDF]},
        year = {2014},
        url = {http://www.nada.de/fileadmin/user_upload/nada/Downloads/Broschueren/Beispielliste_2014.pdf},
}

@MISC{bbc2015wigginswinter,
        author = {{BBC News}},
        title = {{S}ir {B}radley {W}iggins' seven-point guide to winter cycling},
        howpublished = {[Blog-Eintrag]},
        month = {\APACmonth{12}},
        year = {2015},
        note = {29},
        otherinfo = {}
}


